%# -*- coding: utf-8-unix -*-

@phdthesis{r9,
  title={基于深度置信网络的入侵检测研究},
  author={安琪},
  school={兰州大学},
  year={2016},
}

@article{r10,
  title={基于自适应变异的PSO-BP的OPC通信异常检测方法},
  author={陈万志 and 李东哲},
  journal={计算机应用},
  year={2017},
}